@book{holzapfel_2000,
  title={Nonlinear Solid Mechanics: A Continuum Approach for Engineering},
  author={Holzapfel, G.A.},
  year={2000},
  publisher={John Wiley \& Sons Inc}
}
@book{zienkiewicz_taylor_1989,
  author    = {O. C. Zienkiewicz and R. L. Taylor},
  title     = {The {F}inite {E}lement {M}ethod. {V}olume 1: {B}asic {F}ormulation and
               {L}inear {P}roblems},
  publisher = {McGraw-Hill},
  address   = {London},
  year      = {1989},
  edition   = {4}
}
@book{oden_reddy_2011,
  author    = {Oden, J.T. and Reddy, J.N.},
  title     = {An Introduction to the Mathematical Theory of Finite Elements},
  publisher = {Dover Publications, Inc.},
  address   = {Mineola, New York},
  year      = {2011}
}
@article{nackenhorst_2004,
  title={The {ALE}-formulation of bodies in rolling contact: Theoretical foundations and finite element approach},
  author={Nackenhorst, U.},
  journal={Computer Methods in Applied Mechanics and Engineering},
  volume={193},
  number={39-41},
  pages={4299--4322},
  year={2004},
  publisher={Elsevier}
}
@article{ziefle_2008,
  title={Numerical techniques for rolling rubber wheels: treatment of inelastic material properties and frictional contact},
  author={Ziefle, M. and Nackenhorst, U.},
  journal={Computational Mechanics},
  volume={42},
  number={3},
  pages={337--356},
  year={2008},
  publisher={Springer}
}
@article{sagar_2010,
  title={Contributions on the theory and computation of mono-and poly-crystalline cyclic martensitic phase transformations},
  author={Sagar, G. and Stein, E.},
  journal={ZAMM-Journal of Applied Mathematics and Mechanics/Zeitschrift f{\"u}r Angewandte Mathematik und Mechanik},
  volume={90},
  number={9},
  pages={655--681},
  year={2010},
  publisher={Wiley Online Library}
}
@book{sturm2007,
  title={LATEX: Einf{\"u}hrung in das Textsatzsystem},
  author={Sturm, T.F.},
  year={2007},
  publisher={RRZN}
}

